%
%  Vzor bibliografické databáze pro automatickou tvorbu seznamu referencí
%  pomocí BibTeXu
%
%  Doporučený software pro správu databáze literatury formátu *.bib:
%    JabRef, http://jabref.sourceforge.net/
%
%  POZOR:
%
%    *  Písmena v názvech publikací, jež je třeba tisknout vždy velká, se musejí psát
%       do složených závorek ({T}hailand, {HIV})
%
%  ===========================================================================

@TechReport{Raimond:14:RP,
  author      = "Yves Raimond and Guus Schreiber",
  title       = "{RDF} 1.1 Primer",
  month       = jun,
  note        = "https://www.w3.org/TR/2014/NOTE-rdf11-primer-20140624/",
  year        = "2014",
  bibsource   = "https://w2.syronex.com/jmr/w3c-biblio",
  type        = "{W3C} Note",
  institution = "W3C",
}

@TechReport{Prud'hommeaux:14:RT,
  author      = "Eric Prud'hommeaux and Gavin Carothers",
  title       = "{RDF} 1.1 Turtle",
  month       = feb,
  note        = "https://www.w3.org/TR/2014/REC-turtle-20140225/",
  year        = "2014",
  bibsource   = "https://w2.syronex.com/jmr/w3c-biblio",
  type        = "{W3C} Recommendation",
  institution = "W3C",
}

@TechReport{Seaborne:13:SQL,
  author      = "Andy Seaborne and Steven Harris",
  title       = "{SPARQL} 1.1 Query Language",
  month       = mar,
  note        = "https://www.w3.org/TR/2013/REC-sparql11-query-20130321/",
  year        = "2013",
  bibsource   = "https://w2.syronex.com/jmr/w3c-biblio",
  type        = "{W3C} Recommendation",
  institution = "W3C",
}

@article{10.1093/bioinformatics/btv557,
    author = {Franz, Max and Lopes, Christian T. and Huck, Gerardo and Dong, Yue and Sumer, Onur and Bader, Gary D.},
    title = "{Cytoscape.js: a graph theory library for visualisation and analysis}",
    journal = {Bioinformatics},
    volume = {32},
    number = {2},
    pages = {309-311},
    year = {2015},
    month = {09},
    abstract = "{Summary: Cytoscape.js is an open-source JavaScript-based graph library. Its most common use case is as a visualization software component, so it can be used to render interactive graphs in a web browser. It also can be used in a headless manner, useful for graph operations on a server, such as Node.js. Availability and implementation: Cytoscape.js is implemented in JavaScript. Documentation, downloads and source code are available at http://js.cytoscape.org . Contact:gary.bader@utoronto.ca}",
    issn = {1367-4803},
    doi = {10.1093/bioinformatics/btv557},
    url = {https://doi.org/10.1093/bioinformatics/btv557},
    eprint = {https://academic.oup.com/bioinformatics/article-pdf/32/2/309/6689178/btv557.pdf},
}

@manual{Vue,
    author = {Evan You},
      title  = "Vue js framework",
      url    = "https://vuejs.org/",
      year   = "2020"
    }

@Online {SystemUsabilityScaleSUSUsabilitygov-2020-06-16,
  title = {System Usability Scale (SUS) | Usability.gov},
  date = {2020-06-16},
  url = {https://www.usability.gov/how-to-and-tools/methods/system-usability-scale.html},
  urldate = {2020-07-24}
}